<collection xmlns="http://www.loc.gov/MARC21/slim"><record><leader>00741nam  2200229   450</leader><controlfield tag="001">465</controlfield><controlfield tag="003">http://montalegre.opacnet.com/OPAC/default.aspx?ContentAreaControl=ShowRegHoldings.ascx&amp;RegNo=16662</controlfield><datafield tag="010" ind1=" " ind2=" "><subfield code="a">972-662-166-6</subfield></datafield><datafield tag="100" ind1=" " ind2=" "><subfield code="a">20070305d1990----k  y0pory0103    ba</subfield></datafield><datafield tag="101" ind1="1" ind2=" "><subfield code="a">por</subfield><subfield code="c">eng</subfield></datafield><datafield tag="102" ind1=" " ind2=" "><subfield code="a">PT</subfield></datafield><datafield tag="200" ind1="1" ind2=" "><subfield code="a">Achada na rua</subfield><subfield code="f">Patricia Highsmith</subfield><subfield code="g">trad. Francisco Agarez</subfield></datafield><datafield tag="205" ind1=" " ind2=" "><subfield code="a">2ª ed</subfield></datafield><datafield tag="210" ind1=" " ind2=" "><subfield code="a">Lisboa</subfield><subfield code="c">Gradiva</subfield><subfield code="d">1990</subfield></datafield><datafield tag="215" ind1=" " ind2=" "><subfield code="a">341 p.</subfield><subfield code="d">21 cm</subfield></datafield><datafield tag="225" ind1="2" ind2=" "><subfield code="a">Gradiva</subfield><subfield code="v">2</subfield></datafield><datafield tag="304" ind1=" " ind2=" "><subfield code="a">Tít. orig. Found in the street</subfield></datafield><datafield tag="675" ind1=" " ind2=" "><subfield code="a">82-312.4</subfield><subfield code="v">BN</subfield><subfield code="z">por</subfield></datafield><datafield tag="700" ind1=" " ind2="1"><subfield code="a">Highsmith</subfield><subfield code="b">Patricia</subfield><subfield code="f">1921-1995</subfield></datafield><datafield tag="702" ind1=" " ind2="1"><subfield code="a">Agarez</subfield><subfield code="b">Francisco</subfield><subfield code="f">1942-</subfield><subfield code="4">730</subfield></datafield><datafield tag="801" ind1=" " ind2="0"><subfield code="a">PT</subfield><subfield code="b">Biblioteca Municipal de Montalegre</subfield><subfield code="g">RPC</subfield></datafield><datafield tag="856" ind1=" " ind2=" "><subfield code="u">locateMedia.asp?cod=20060517141421&amp;ext=jpg</subfield><subfield code="z">CAPA</subfield></datafield><datafield tag="909" ind1="&#9;" ind2=" "><subfield code="a">1</subfield></datafield><datafield tag="966" ind1=" " ind2=" "><subfield code="a">0008765</subfield><subfield code="l">BMM</subfield><subfield code="s">SCG 82-312.4 HIG ach 2</subfield></datafield></record></collection>